% This file was created with JabRef 2.7b.
% Encoding: UTF-8

@ARTICLE{Bennet1982,
  author = {Bennet, A. F. and McIntosh, P. C.},
  title = {Open Ocean Modeling as an Inverse Problem: Tidal Theory},
  journal = {Journal of Physical Oceanography},
  year = {1982},
  volume = {12},
  pages = {1004-1-18},
  owner = {saul},
  timestamp = {2014.02.18}
}

@ARTICLE{Copeland1991,
  author = {A. H. Copeland and R. S. Segall and C. D. Ringo and B. Moore III},
  title = {Mathematical modelling of inverse problems for oceans},
  journal = {Applications of Mathematical Modelling},
  year = {1991},
  volume = {15},
  pages = {586-595},
  owner = {saul},
  timestamp = {2014.02.18}
}

@ARTICLE{Elkinton1984,
  author = {J.S. Elkinton and R.T. Carde and C.J. Mason},
  title = {Evaluation of Time-Average Dispersion Models for Estimating Pheromone
	Concentration in a Deciduous Forest},
  journal = {Journal of Chemical Ecology},
  year = {1984},
  volume = {10},
  pages = {1081-1108},
  owner = {saul},
  timestamp = {2014.02.18}
}

@ARTICLE{Farrel2002,
  author = {Jay A. Farrell and John Mulis and Xuezhu Long and Wei Li and Ring
	Carde},
  title = {Filament-Based Atmospheric Dispersion Model to Achieve Short Time-Scale
	Structures of Odor Plumes},
  journal = {Environmental Fluid Mechanics},
  year = {2002},
  volume = {2},
  pages = {142-169},
  owner = {saul},
  timestamp = {2014.02.18}
}

@ARTICLE{Farrell2003,
  author = {Jay A. Farrell and Shuo Pang and Wei Li},
  title = {Plume Mapping via Hidden Markov Methods},
  journal = {IEEE Transactions on Systems, Man and Cybernetics},
  year = {2003},
  volume = {33},
  pages = {850-863},
  owner = {saul},
  timestamp = {2014.02.18}
}

@ARTICLE{Grasso2001,
  author = {Frank W. Grasso},
  title = {Invertebrate-Inspired Sensory-Motor Systems and Autonomous, Olfactory-Guided
	Exploration},
  journal = {Biology Bulletin},
  year = {2001},
  volume = {200},
  pages = {160-168},
  owner = {saul},
  timestamp = {2014.06.03}
}

@PHDTHESIS{Jakuba2007,
  author = {Michael V. Jakuba},
  title = {Stochastic Mapping for Chemical Plume Source Localization with Application
	to Autonomous Hydrothermal Vent Discovery},
  school = {Massachusetts Institute of Technology},
  year = {2007},
  owner = {saul},
  timestamp = {2014.02.18}
}

@ARTICLE{Kinzelbach1990,
  author = {W. Kinzelbach},
  title = {Simulation of pollutant transport in groundwater with the random
	walk method},
  journal = {Groundwater Monitoring and Management},
  year = {1990},
  volume = {173},
  pages = {265-279},
  owner = {saul},
  timestamp = {2014.06.03}
}

@ARTICLE{Kitanidis1994,
  author = {Peter K. Kitanidis},
  title = {Particle-tracking equations for the solution of the advection-dispersion
	equation with variable coefficients},
  journal = {Water Resources Research},
  year = {1994},
  volume = {11},
  pages = {3225-3227},
  owner = {saul},
  timestamp = {2014.06.03}
}

@CONFERENCE{Li2004,
  author = {Shuai Li and Yi Guo and Brian Bingham},
  title = {Multi-robot Cooperative Control for Monitoring and Tracking Dynamic
	Plumes},
  booktitle = {IEEE International Conference on Robotics and Automation},
  year = {2004},
  owner = {saul},
  timestamp = {2014.02.18}
}

@ARTICLE{Li2006,
  author = {Wei Li and Jay A. Farrel and Shuo Pang and Richard M. Arrieta},
  title = {Moth-Inspired Chemical Plume Tracing on an Autonomous Underwater
	Vehicle},
  journal = {IEEE Transactions on Robotics},
  year = {2006},
  volume = {22},
  pages = {292-307},
  owner = {saul},
  timestamp = {2014.02.18}
}

@ARTICLE{Lushi2010,
  author = {Enkeleida Lushi and John M. Stockie},
  title = {An inverse Gaussian plume approach for estimating atmospheric pollutant
	emissions from multiple point sources},
  journal = {Atmospheric Environment},
  year = {2010},
  volume = {44},
  pages = {1097-1107},
  owner = {saul},
  timestamp = {2014.02.18}
}

@BOOK{Press2007,
  title = {Numerical Recipies},
  publisher = {Cambridge University Press},
  year = {2007},
  author = {William H. Press and Saul A Teukolsky and William T. Vetterling and
	Brain P. Flannery},
  owner = {saul},
  timestamp = {2014.02.18}
}

@BOOK{Sauer2012,
  title = {Numerical Analysis},
  publisher = {Pearson},
  year = {2012},
  author = {Timothy Sauer},
  owner = {saul},
  timestamp = {2014.02.18}
}

@ARTICLE{Shraiman2000,
  author = {Boris I. Shraiman and Eric D. Siggia},
  title = {Scalar turbulence},
  journal = {Nature},
  year = {2000},
  volume = {405},
  pages = {639-646},
  owner = {saul},
  timestamp = {2014.06.03}
}

@BOOK{Tarantola2005,
  title = {Inverse Problem Theory and Methods for Model Parameter Estimation},
  publisher = {Siam},
  year = {2005},
  author = {Albert Tarantola},
  owner = {saul},
  timestamp = {2014.02.18}
}

@ARTICLE{Thistle2004,
  author = {Harold W. Thistle and Holly Peterson and Gene Allwine and Brian Lamb
	and Tara Strand and Edward H. Holsten and Patrick J Shea},
  title = {Surrogate Pheromone Plumes in Three Forest Trunk Spaces: Composite
	Statistics and Case Studies},
  journal = {Forest Science},
  year = {2004},
  volume = {50(5)},
  owner = {saul},
  timestamp = {2014.02.18}
}

@ARTICLE{Warhaft2000,
  author = {Z. Warhaft},
  title = {Passive Scalars in Turbulent Flows},
  journal = {Annual Review of Fluid Mechanics},
  year = {2000},
  volume = {32},
  pages = {203-240},
  owner = {saul},
  timestamp = {2014.06.03}
}

@comment{jabref-meta: selector_publisher:}

@comment{jabref-meta: selector_author:}

@comment{jabref-meta: selector_journal:}

@comment{jabref-meta: selector_keywords:}

